
@article{PSQLHome,
 title = "PostgreSQL",
 volume = "http://www.postgresql.org",
 journal = "Web"
}

@article{PSQLDoc,
 title = "PostgreSQL Document Repository",
 volume = "http://www.postgresql.org/docs/",
 journal = "Web"
}

@article{Psycopg2,
 title = "PostgreSQL Adaptor For Python",
 volume = "http://initd.org/psycopg/",
 journal = "Web"
}

@article{HSTORE,
 title = "HSTORE in PostgreSQL",
 volume = "http://www.postgresql.org/docs/9.0/static/hstore.html",
 journal = "Web"
}

@article{PythonDoc,
 title = "Python v2.X documentation",
 volume = "https://docs.python.org/2/",
 journal = "Web"
}
